<record><leader>00000cas a2200000 a 4500</leader><controlfield tag="001">51765588</controlfield><controlfield tag="008">030228d19uu1989cauwr ne      0    0eng c</controlfield><datafield ind1=" " ind2=" " tag="010"><subfield code="a">sn2003061112</subfield></datafield><datafield ind1=" " ind2=" " tag="040"><subfield code="a">CNK</subfield><subfield code="b">eng</subfield><subfield code="c">CNK</subfield><subfield code="d">OCLCQ</subfield><subfield code="d">OCLCF</subfield><subfield code="d">OCLCO</subfield></datafield><datafield ind1="1" ind2=" " tag="029"><subfield code="a">AU@</subfield><subfield code="b">000024467989</subfield></datafield><datafield ind1=" " ind2=" " tag="042"><subfield code="a">pcc</subfield></datafield><datafield ind1=" " ind2=" " tag="043"><subfield code="a">n-us-ca</subfield></datafield><datafield ind1="0" ind2="0" tag="245"><subfield code="a">Moorpark mirror.</subfield></datafield><datafield ind1=" " ind2=" " tag="260"><subfield code="a">Moorpark, CA :</subfield><subfield code="b">Mirror Pub. Co.</subfield></datafield><datafield ind1=" " ind2=" " tag="300"><subfield code="a">v.</subfield></datafield><datafield ind1=" " ind2=" " tag="310"><subfield code="a">Weekly</subfield></datafield><datafield ind1="0" ind2=" " tag="362"><subfield code="a">-Aug. 25, 1989.</subfield></datafield><datafield ind1=" " ind2=" " tag="500"><subfield code="a">"Moorpark" appears in small print above "Mirror," June 23-Aug. 25, 1989.</subfield></datafield><datafield ind1=" " ind2=" " tag="588"><subfield code="a">Description based on: Mar. 19, 1987.</subfield></datafield><datafield ind1=" " ind2="0" tag="651"><subfield code="a">Moorpark (Calif.)</subfield><subfield code="v">Newspapers.</subfield></datafield><datafield ind1=" " ind2="7" tag="655"><subfield code="a">Newspapers.</subfield><subfield code="2">fast</subfield><subfield code="0">(OCoLC)fst01423814</subfield></datafield><datafield ind1=" " ind2="7" tag="651"><subfield code="a">California</subfield><subfield code="z">Moorpark.</subfield><subfield code="2">fast</subfield><subfield code="0">(OCoLC)fst01219046</subfield></datafield><datafield ind1=" " ind2=" " tag="752"><subfield code="a">United States</subfield><subfield code="b">California</subfield><subfield code="c">Ventura</subfield><subfield code="d">Moorpark.</subfield></datafield><datafield ind1="0" ind2="7" tag="785"><subfield code="t">Moorpark news</subfield><subfield code="w">(DLC)sn2003061111</subfield></datafield><datafield ind1="0" ind2="7" tag="785"><subfield code="t">Moorpark news-mirror</subfield><subfield code="w">(DLC)sn2003061113</subfield></datafield></record>